<record><leader>00000cas a22000007a 4500</leader><controlfield tag="001">13993621</controlfield><controlfield tag="008">860731d19751976inuwr ne      0    0eng d</controlfield><datafield ind1=" " ind2=" " tag="010"><subfield code="a">sn 86058700 </subfield></datafield><datafield ind1=" " ind2=" " tag="040"><subfield code="a">NPI</subfield><subfield code="b">eng</subfield><subfield code="c">NPI</subfield><subfield code="d">OCLCQ</subfield></datafield><datafield ind1=" " ind2=" " tag="042"><subfield code="a">msc</subfield></datafield><datafield ind1="0" ind2=" " tag="130"><subfield code="a">News (Yorktown, Ind. : 1975)</subfield></datafield><datafield ind1="1" ind2="4" tag="245"><subfield code="a">The news.</subfield></datafield><datafield ind1=" " ind2=" " tag="260"><subfield code="a">Yorktown, Ind. :</subfield><subfield code="b">[Merle Thiele],</subfield><subfield code="c">1975-1976.</subfield></datafield><datafield ind1=" " ind2=" " tag="300"><subfield code="a">v. :</subfield><subfield code="b">ill. ;</subfield><subfield code="c">58 cm.</subfield></datafield><datafield ind1=" " ind2=" " tag="310"><subfield code="a">Weekly,</subfield><subfield code="b">Mar. 3, 1976-Oct. 6, 1976</subfield></datafield><datafield ind1=" " ind2=" " tag="321"><subfield code="a">Semiweekly,</subfield><subfield code="b">June 11, 1975-Feb. 25, 1976</subfield></datafield><datafield ind1="0" ind2=" " tag="362"><subfield code="a">Vol. 17, no. 41 (June 11, 1975)-v. 18, no. 46 (Oct. 6, 1976).</subfield></datafield><datafield ind1=" " ind2=" " tag="500"><subfield code="a">Publisher's name from Ayer directory of publications.</subfield></datafield><datafield ind1=" " ind2=" " tag="500"><subfield code="a">Democratic. Cf. Ayer.</subfield></datafield><datafield ind1=" " ind2=" " tag="752"><subfield code="a">United States</subfield><subfield code="b">Indiana</subfield><subfield code="c">Delaware</subfield><subfield code="d">Yorktown.</subfield></datafield><datafield ind1="0" ind2="0" tag="780"><subfield code="t">Delaware County news (Yorktown, Ind. : 1975)</subfield><subfield code="w">(DLC)sn 86058699</subfield></datafield><datafield ind1="0" ind2="0" tag="785"><subfield code="t">Delaware County news (Yorktown, Ind. : 1976)</subfield><subfield code="w">(DLC)sn 86058702</subfield></datafield><datafield ind1="1" ind2=" " tag="029"><subfield code="a">AU@</subfield><subfield code="b">000025806305</subfield></datafield></record>